@book{anderson1992infectious,
  title={Infectious diseases of humans: dynamics and control},
  author={Anderson, R. M. and May, R. M.},
  year={1992},
  publisher={Oxford university press}
}

@book{allen2007introduction,
  title={An introduction to mathematical biology},
  author={Allen, L.},
  year={2007},
  publisher={Prentice Hall}
}

@book{brauer2017mathematical,
  title={Mathematical epidemiology},
  author={Brauer, F. and Castillo-Chavez, C. and Feng, Z.},
  year={2017},
  publisher={Springer}
}

@book{keeling2008modeling,
  title={Modeling infectious diseases in humans and animals},
  author={Keeling, M. J. and Rohani, P.},
  year={2008},
  publisher={Princeton University Press}
}

@article{hethcote2000mathematics,
  title={The mathematics of infectious diseases},
  author={Hethcote, H. W.},
  journal={SIAM review},
  volume={42},
  number={4},
  pages={599--653},
  year={2000},
  publisher={SIAM}
}

@article{kermack1927contribution,
  title={A contribution to the mathematical theory of epidemics},
  author={Kermack, W. O. and McKendrick, A. G.},
  journal={Proceedings of the Royal Society of London. Series A},
  volume={115},
  number={772},
  pages={700--721},
  year={1927},
  publisher={The Royal Society}
}

@book{cummings2009dynamic,
  title={Dynamic social network modeling and analysis: Workshop summary and papers},
  author={Cummings, D. and Koopman, J. and Mathews, S.},
  year={2009},
  publisher={National Academies Press}
}

@book{hollingsworth2017modelling,
  title={Modelling infectious diseases in humans and animals},
  author={Hollingsworth, T. D. and Adams, E. R. and Anderson, R. M. and Atkins, K. E. and Bartsch, S. and Basáñez, M. G. and Behrend, M. R. and Blok, D. J. and Chapman, L. A. and Coffeng, L. E. and others},
  year={2017},
  publisher={John Wiley \& Sons}
}
